@techreport{dapper,
    title = {Dapper, a Large-Scale Distributed Systems Tracing Infrastructure},
    author  = {Benjamin H. Sigelman and Luiz Andr√© Barroso and Mike Burrows and Pat Stephenson and Manoj Plakal and Donald Beaver and Saul Jaspan and Chandan Shanbhag},
    year  = 2010,
    URL = {http://research.google.com/archive/papers/dapper-2010-1.pdf},
    institution = {Google, Inc.}
}
