@incollection{Moore,
    author    = {Moore, Gordon E.},
    title     = {Cramming more components onto integrated circuits},
    booktitle = {Readings in computer architecture},
    editor    = {Hill, Mark D. and Jouppi, Norman P. and Sohi, Gurindar S.},
    year      = {2000},
    isbn      = {1-55860-539-8},
    pages     = {56--59},
    numpages  = {4},
    url       = {http://dl.acm.org/citation.cfm?id=333067.333074},
    acmid     = {333074},
    publisher = {Morgan Kaufmann Publishers Inc.},
    address   = {San Francisco, CA, USA},
}

@article{clouddef,
    author    = {National Institute of Standards and Technology},
    title     = {The \textsc{NIST} Definition of Cloud Computing},
    journal   = {Special Publication 800-145},
    year      = {2011},
    month     = {September},
    url       = {http://csrc.nist.gov/publications/nistpubs/800-145/SP800-145.pdf},
    volume    = {},
    number    = {},
    pages     = {},
    publisher = {},
}

@article{okeanos,
 author = {Koukis, Vangelis and Venetsanopoulos, Constantinos and Koziris, Nectarios},
 title = {~okeanos: Building a Cloud, Cluster by Cluster},
 journal = {IEEE Internet Computing},
 issue_date = {May 2013},
 volume = {17},
 number = {3},
 month = may,
 year = {2013},
 issn = {1089-7801},
 pages = {67--71},
 numpages = {5},
 url = {http://dx.doi.org/10.1109/MIC.2013.43},
 doi = {10.1109/MIC.2013.43},
 acmid = {2498487},
 publisher = {IEEE Educational Activities Department},
 address = {Piscataway, NJ, USA},
 keywords = {Cloud computing,Virtualization,Open source software,Storage systems,Cluster approximation,Software development,cloud service,IaaS,cloud,virtualization,Synnefo,OpenStack,block storage,open source,~okeanos},
}

@article{synnefo,
 author = {Koukis, Vangelis and Venetsanopoulos, Constantinos and Koziris, Nectarios},
 title = {Synnefo: A Complete Cloud Stack over Ganeti},
 journal = {;login},
 issue_date = {October 2013},
 volume = {38},
 number = {5},
 month = oct,
 year = {2013},
 pages = {6--10},
 numpages = {5},
 url = {https://www.usenix.org/system/files/login/articles/02_koukis-online.pdf},
 publisher = {USENIX Association},
 address = {2560 Ninth Street, Suite 215, Berkeley, CA 94710},
 keywords = {Cloud computing,Virtualization,Open source software,Storage systems,Cluster approximation,Software development,cloud service,IaaS,cloud,virtualization,Synnefo,OpenStack,block storage,open source,~okeanos, Ganeti},
}

@article{achip-paper,
 author = {Giannakos, Filippos and  Koukis, Vangelis and Venetsanopoulos, Constantinos and Koziris, Nectarios},
 title = {~okeanos Large-Scale Cloud Service Using Cepg},
 journal = {;login},
 issue_date = {June 2014},
 volume = {39},
 number = {3},
 month = jun,
 year = {2014},
 pages = {6--9},
 numpages = {4},
 url = {https://www.usenix.org/system/files/login/articles/02_giannakos.pdf},
 publisher = {USENIX Association},
 address = {2560 Ninth Street, Suite 215, Berkeley, CA 94710},
 keywords = {Cloud computing,Virtualization,Open source software,Storage systems,Cluster approximation,Software development,cloud service,IaaS,cloud,virtualization,Synnefo,OpenStack,block storage,open source,~okeanos, Ceph},
}
================================================================================

BiBTeX Entries:

article{,
	author    = {},
	title     = {{}},
	journal   = {},
	year      = {},
	month     = {},
	volume    = {},
	number    = {},
	pages     = {},
	publisher = {},
}

inproceedings{,
	author       = {},
	title        = {{}},
	booktitle    = {},
	year         = {},
	month        = {},
	pages        = {},
	location     = {},
	organization = {},
	series       = {},
	volume       = {},
	publisher    = {},
}

incollection{,
	author    = {},
	title     = {{}},
	booktitle = {},
	series    = {},
	volume    = {},
	pages     = {},
	year      = {},
	month     = {},
	editor    = {},
	publisher = {},
}

phdthesis{,
	author = {},
	title  = {{}},
	school = {},
	year   = {},
	month  = {},
}

book:
* author or editor, title, publisher, year
volume or number, series, address, edition, month, note
misc:
* none
author, title, howpublished, month, year, note
phdthesis:
* author, title, school, year
type, address, month, note

